
@article{Adhianto2007,
	title={Performance modeling of communication and computation in hybrid {MPI} and {OpenMP} applications},
	author={Adhianto, Laksono and Chapman, Barbara},
	journal={Simulation Modelling Practice and Theory},
	volume={15},
	number={4},
	pages={481--491},
	year={2007},
	publisher={Elsevier}
}

@article{barrasso2012,
  title={A comparison of model order reduction techniques for a four-dimensional population balance model describing multi-component wet granulation processes},
  author={Barrasso, Dana and Ramachandran, Rohit},
  journal={Chemical engineering science},
  volume={80},
  pages={380--392},
  year={2012},
  publisher={Elsevier}
}

@article{Barrasso2013,
	title={Multi-component population balance modeling of continuous granulation processes: a parametric study and comparison with experimental trends},
	author={Barrasso, Dana and Walia, Samjit and Ramachandran, Rohit},
	journal={Powder technology},
	volume={241},
	pages={85--97},
	year={2013},
	publisher={Elsevier}
}

@article{Barrasso2015cerd,
	title={Multi-scale modeling of granulation processes: bi-directional coupling of {PBM} with {DEM} via collision frequencies},
	author={Barrasso, Dana and Ramachandran, Rohit},
	journal={Chemical Engineering Research and Design},
	volume={93},
	pages={304--317},
	year={2015},
	publisher={Elsevier}
}

@article{Barrasso2015ces,
  title={A multi-scale, mechanistic model of a wet granulation process using a novel bi-directional {PBM}--{DEM} coupling algorithm},
  author={Barrasso, Dana and Eppinger, Thomas and Pereira, Frances E and Aglave, Ravindra and Debus, Kristian and Bermingham, Sean K and Ramachandran, Rohit},
  journal={Chemical Engineering Science},
  volume={123},
  pages={500--513},
  year={2015},
  publisher={Elsevier}
}

@article{Berger2015,
	title={Hybrid parallelization of the {LIGGGHTS} open-source {DEM} code},
	author={Berger, R and Kloss, C and Kohlmeyer, A and Pirker, S},
	journal={Powder Technology},
	volume={278},
	pages={234--247},
	year={2015},
	publisher={Elsevier}
}

@article{Bettencourt2017,
	title={Parallelization methods for efficient simulation of high dimensional population balance models of granulation},
	author={Bettencourt, Franklin E and Chaturbedi, Anik and Ramachandran, Rohit},
	journal={Computers \& Chemical Engineering},
	year={2017},
	note = "~(Article in press)",
	publisher={Elsevier}
}

@article{Boman2012,
	title={The {Zoltan} and {Isorropia} parallel toolkits for combinatorial scientific computing: Partitioning, ordering and coloring},
	author={Boman, Erik G and {\c{C}}ataly{\"u}rek, {\"U}mit V and Chevalier, C{\'e}dric and Devine, Karen D},
	journal={Scientific Programming},
	volume={20},
	number={2},
	pages={129--150},
	year={2012},
	publisher={IOS Press}
} 

@article{Cameron2005,
	title={Process systems modelling and applications in granulation: A review},
	author={Cameron, IT and Wang, FY and Immanuel, CD and Stepanek, F},
	journal={Chemical Engineering Science},
	volume={60},
	number={14},
	pages={3723--3750},
	year={2005},
	publisher={Elsevier}
}


@article{Chaturbedi2017,
	title={Compartment based population balance model development of a high shear wet granulation process via dry and wet binder addition},
	author={Chaturbedi, Anik and Bandi, Chandra Kanth and Reddy, Dheeraj and Pandey, Preetanshu and Narang, Ajit and Bindra, Dilbir and Tao, Li and Zhao, Junshu and Li, Jinjiang and Hussain, Munir and Ramachandran, Rohit},
	journal={Chemical Engineering Research and Design},
	volume={123},
	pages={187--200},
	year={2017},
	publisher={Elsevier}
}

@article{courant1967,
  title={On the partial difference equations of mathematical physics},
  author={Courant, Richard and Friedrichs, Kurt and Lewy, Hans},
  journal={{IBM} journal of Research and Development},
  volume={11},
  number={2},
  pages={215--234},
  year={1967},
  publisher={IBM}
}

@article{Cundall1979,
	title={A discrete numerical model for granular assemblies},
	author={Cundall, Peter A and Strack, Otto DL},
	journal={geotechnique},
	volume={29},
	number={1},
	pages={47--65},
	year={1979}
}

@article{gantt2006,
	title={Determination of coalescence kernels for high-shear granulation using {DEM} simulations},
	author={Gantt, Justin A and Cameron, Ian T and Litster, James D and Gatzke, Edward P},
	journal={Powder Technology},
	volume={170},
	number={2},
	pages={53--63},
	year={2006},
	publisher={Elsevier}
}

@article{Goldschmidt2003,
	title={Discrete element modelling of fluidised bed spray granulation},
	author={Goldschmidt, {MJV} and Weijers, {GGC} and Boerefijn, R and Kuipers, {JAM}},
	journal={Powder Technology},
	volume={138},
	number={1},
	pages={39--45},
	year={2003},
	publisher={Elsevier}
}


@article{Gopalakrishnan2013,
	title={Development of parallel {DEM} for the open source code {MFIX}},
	author={Gopalakrishnan, Pradeep and Tafti, Danesh},
	journal={Powder technology},
	volume={235},
	pages={33--41},
	year={2013},
	publisher={Elsevier}
}

@article{Gunawan2008,
	title={Parallel high-resolution finite volume simulation of particulate processes},
	author={Gunawan, Rudiyanto and Fusman, Irene and Braatz, Richard D},
	journal={AIChE journal},
	volume={54},
	number={6},
	pages={1449--1458},
	year={2008},
	publisher={Wiley Online Library}
}

@article{Hancock2011,
  title={Discrete element method ({DEM}) simulations of stratified sampling during solid dosage form manufacturing},
  author={Hancock, Bruno C and Ketterhagen, William R},
  journal={International journal of pharmaceutics},
  volume={418},
  number={2},
  pages={265--272},
  year={2011},
  publisher={Elsevier}
}
@article{hassanpour2013,
  title={Analysis of seeded granulation in high shear granulators by discrete element method},
  author={Hassanpour, Ali and Pasha, Massih and Susana, Laura and Rahmanian, Nejat and Santomaso, Andrea C and Ghadiri, Mojtaba},
  journal={Powder technology},
  volume={238},
  pages={50--55},
  year={2013},
  publisher={Elsevier}
}

@article{He2016,
	title={{NestedMP}: Enabling cache-aware thread mapping for nested parallel shared memory applications},
	author={He, Jiangzhou and Chen, Wenguang and Tang, Zhizhong},
	journal={Parallel Computing},
	volume={51},
	pages={56--66},
	year={2016},
	publisher={Elsevier}
}

@book{Henderson2004,
	title={The paraview guide},
	author={Squillacote, Amy Henderson and Ahrens, James and Law, Charles and Geveci, Berk and Moreland, Kenneth and King, Brad},
	volume={672},
	year={2006},
	publisher={Kitware}
}

@article{hertz1882,
	title={{\"U}ber die {Ber{\"u}hrung} fester elastischer {K{\"o}rper} ({On} the contact of elastic solids)},
	author={Hertz, Heinrich},
	journal={Journal f{\"u}r die reine und angewandte Mathematik},
	volume={92},
	pages={156--171},
	year={1882}
}

@article{ingram2005,
	title={Formulation and comparison of alternative multiscale models for drum granulation},
	author={Ingram, Gordon D and Cameron, Ian T},
	journal={Computer Aided Chemical Engineering},
	volume={20},
	pages={481--486},
	year={2005},
	publisher={Elsevier}
}

@article{Iveson2001,
	title={Nucleation, growth and breakage phenomena in agitated wet granulation processes: a review},
	author={Iveson, Simon M and Litster, James D and Hapgood, Karen and Ennis, Bryan J},
	journal={Powder technology},
	volume={117},
	number={1},
	pages={3--39},
	year={2001},
	publisher={Elsevier}
}

@article{Jin2011,
	title={High performance computing using {MPI} and {OpenMP} on multi-core parallel systems},
	author={Jin, Haoqiang and Jespersen, Dennis and Mehrotra, Piyush and Biswas, Rupak and Huang, Lei and Chapman, Barbara},
	journal={Parallel Computing},
	volume={37},
	number={9},
	pages={562--575},
	year={2011},
	publisher={Elsevier}
}

@article{Kacianauskas2010,
	title={Parallel discrete element simulation of poly-dispersed granular material},
	author={Ka{\v{c}}ianauskas, Rimantas and Maknickas, Algirdas and Ka{\v{c}}eniauskas, Arnas and Markauskas, Darius and Balevi{\v{c}}ius, Robertas},
	journal={Advances in Engineering Software},
	volume={41},
	number={1},
	pages={52--63},
	year={2010},
	publisher={Elsevier}
}
 
@article{Ketterhagen2009,
  title={Process modeling in the pharmaceutical industry using the discrete element method},
  author={Ketterhagen, William R and am Ende, Mary T and Hancock, Bruno C},
  journal={Journal of pharmaceutical sciences},
  volume={98},
  number={2},
  pages={442--470},
  year={2009},
  publisher={Wiley Online Library}
}

@article{Kloss2012,
  title={Models, algorithms and validation for opensource {DEM} and {CFD--DEM}},
  author={Kloss, Christoph and Goniva, Christoph and Hager, Alice and Amberger, Stefan and Pirker, Stefan},
  journal={Progress in Computational Fluid Dynamics, an International Journal},
  volume={12},
  number={2-3},
  pages={140--152},
  year={2012},
  publisher={Inderscience Publishers}
}

@book{Litster2016,
  title={Design and Processing of Particulate Products},
  author={Litster, Jim},
  year={2016},
  publisher={Cambridge University Press}
}

@article{mindlin1953,
	title={Elastic spheres in contact under varying oblique forces},
	author={Mindlin, Raymond D},
	journal={Trans. ASME, J. Appl. Mech.},
	volume={20},
	pages={327--344},
	year={1953}
}

@misc{pctMatlab,
	title = {Parallel Computing Toolbox - {$\text{MATLAB}^{\text{\textcircled{R}}}$}},
    howpublished = {https://www.mathworks.com/products/parallel-computing.html},
    author = {{{$\text{MathWorks}^{\text{TM}}$} {D}ocumentation}},
    year = {2017b}
}

@article{Prakash2013a,
	title={Simulation of population balance model-based particulate processes via parallel and distributed computing},
	author={Prakash, Anuj V and Chaudhury, Anwesha and Barrasso, Dana and Ramachandran, Rohit},
	journal={Chemical Engineering Research and Design},
	volume={91},
	number={7},
	pages={1259--1271},
	year={2013},
	publisher={Elsevier}
}

@article{Prakash2013b,
	title={Parallel simulation of population balance model-based particulate processes using multicore {CPUs} and {GPUs}},
	author={Prakash, Anuj V and Chaudhury, Anwesha and Ramachandran, Rohit},
	journal={Modelling and Simulation in Engineering},
	volume={2013},
	pages={2},
	year={2013},
	publisher={Hindawi Publishing Corp.}
}

@article{Ramachandran2009,
	title={A mechanistic model for breakage in population balances of granulation: Theoretical kernel development and experimental validation},
	author={Ramachandran, Rohit and Immanuel, Charles D and Stepanek, Frantisek and Litster, James D and Doyle, Francis J},
	journal={Chemical Engineering Research and Design},
	volume={87},
	number={4},
	pages={598--614},
	year={2009},
	publisher={Elsevier}
}

@article{Ramachandran2010,
	title={Effective parameter estimation within a multi-dimensional population balance model framework},
	author={Ramachandran, Rohit and Barton, Paul I},
	journal={Chemical Engineering Science},
	volume={65},
	number={16},
	pages={4884--4893},
	year={2010},
	publisher={Elsevier}
}

@article{ramkrishna2014,
	title={Population balance modeling: current status and future prospects},
	author={Ramkrishna, Doraiswami and Singh, Meenesh R},
	journal={Annual review of chemical and biomolecular engineering},
	volume={5},
	pages={123--146},
	year={2014},
	publisher={Annual Reviews}
}

@article{Reinhold2012,
	title={Numerical behavior of a multiscale aggregation model--coupling population balances and discrete element models},
	author={Reinhold, Alexander and Briesen, Heiko},
	journal={Chemical engineering science},
	volume={70},
	pages={165--175},
	year={2012},
	publisher={Elsevier}
}

@article{renzo2004,
	title={Comparison of contact-force models for the simulation of collisions in DEM-based granular flow codes},
	author={Di Renzo, Alberto and Di Maio, Francesco Paolo},
	journal={Chemical engineering science},
	volume={59},
	number={3},
	pages={525--541},
	year={2004},
	publisher={Elsevier}
}

@misc{review_pilotreview, 
	author      = {Matteo Turilli and Mark Santcroos and Shantenu Jha},
	title       = {A Comprehensive Perspective on Pilot-Jobs},
	journal     = {{Under Review}},
	note       = {(under review)\url{http://arxiv.org/abs/1508.04180}},
	year        = 2016,
}


@inproceedings{pstar12,
	title={P*: A model of pilot-abstractions},
	author={Luckow, Andre and Santcroos, Mark and Merzky, Andre and Weidner, 
	Ole and Mantha, Pradeep and Jha, Shantenu},
	booktitle={E-science, 2012 IEEE 8th International Conference 
	on},
	pages={1--10},
	year={2012},
	organization={IEEE}
}


@article{Rogers2013,
  title={Modeling of particulate processes for the continuous manufacture of solid-based pharmaceutical dosage forms},
  author={Rogers, Amanda J and Hashemi, Amir and Ierapetritou, Marianthi G},
  journal={Processes},
  volume={1},
  number={2},
  pages={67--127},
  year={2013},
  publisher={Multidisciplinary Digital Publishing Institute}
}

@article{sen2013,
	title={Mathematical development and comparison of a hybrid {PBM-DEM} description of a continuous powder mixing process},
	author={Sen, Maitraye and Dubey, Atul and Singh, Ravendra and Ramachandran, Rohit},
	journal={Journal of Powder Technology},
	volume={2013},
	year={2012},
	publisher={Hindawi Publishing Corporation}
}

@article{sen2013b,
	title={A multi-dimensional population balance model approach to continuous powder mixing processes},
	author={Sen, Maitraye and Ramachandran, Rohit},
	journal={Advanced Powder Technology},
	volume={24},
	number={1},
	pages={51--59},
	year={2013},
	publisher={Elsevier}
}

@article{sen2014,
	title={A multi-scale hybrid {CFD-DEM-PBM} description of a fluid-bed granulation process},
	author={Sen, Maitraye and Barrasso, Dana and Singh, Ravendra and Ramachandran, Rohit},
	journal={Processes},
	volume={2},
	number={1},
	pages={89--111},
	year={2014},
	publisher={Multidisciplinary Digital Publishing Institute}
}

@book{seville1997,
	title={Processing of particulate solids},
	author={Seville, Jonathan and T{\"u}z{\"u}n, Ugammaur and Clift, Roland},
	volume={9},
	year={2012},
	publisher={Springer Science \& Business Media}
}

@article{tsuji1992,
  title={Lagrangian numerical simulation of plug flow of cohesionless particles in a horizontal pipe},
  author={Tsuji, Yutaka and Tanaka, Toshitsugu and Ishida, T},
  journal={Powder technology},
  volume={71},
  number={3},
  pages={239--250},
  year={1992},
  publisher={Elsevier}
}

@article{Verkoeijen2002,
	title={Population balances for particulate processes—a volume approach},
	author={Verkoeijen, Daan and Pouw, Gerard A and Meesters, Gabri{\"e}l MH and Scarlett, Brian},
	journal={Chemical Engineering Science},
	volume={57},
	number={12},
	pages={2287--2303},
	year={2002},
	publisher={Elsevier}
}

@article{walton1986,
	title={Viscosity, granular-temperature, and stress calculations for shearing assemblies of inelastic, frictional disks},
	author={Walton, Otis R and Braun, Robert L},
	journal={Journal of Rheology},
	volume={30},
	number={5},
	pages={949--980},
	year={1986},
	publisher={SOR}
}

@book{wilkinson2005,
	title={Parallel programming: techniques and applications using networked workstations and parallel computers},
	author={Wilkinson, Barry and Allen, Michael},
	year={1999},
	publisher={Prentice-Hall}
}
