@article{barrasso2015cerd,
	title={Multi-scale modeling of granulation processes: bi-directional coupling of {PBM} with {DEM} via collision   frequencies},
	author={Barrasso, Dana and Ramachandran, Rohit},
	journal={Chemical Engineering Research and Design},
	volume={93},
	pages={304--317},
	year={2015},
	publisher={Elsevier}
}

@article {dosta2012,
author = {Dosta, M. and Antonyuk, S. and Heinrich, S.},
title = {Multiscale Simulation of the Fluidized Bed Granulation Process},
journal = {Chemical Engineering & Technology},
volume = {35},
number = {8},
publisher = {WILEY-VCH Verlag},
issn = {1521-4125},
pages = {1373--1380},
year = {2012},
}
