
@article{Adhianto2007,
	title={Performance modeling of communication and computation in hybrid MPI and OpenMP applications},
	author={Adhianto, Laksono and Chapman, Barbara},
	journal={Simulation Modelling Practice and Theory},
	volume={15},
	number={4},
	pages={481--491},
	year={2007},
	publisher={Elsevier}
}

@article{Barrasso2013,
	title={Multi-component population balance modeling of continuous granulation processes: a parametric study and comparison with experimental trends},
	author={Barrasso, Dana and Walia, Samjit and Ramachandran, Rohit},
	journal={Powder technology},
	volume={241},
	pages={85--97},
	year={2013},
	publisher={Elsevier}
}

@article{Barrasso2015cerd,
	title={Multi-scale modeling of granulation processes: bi-directional coupling of PBM with DEM via collision frequencies},
	author={Barrasso, Dana and Ramachandran, Rohit},
	journal={Chemical Engineering Research and Design},
	volume={93},
	pages={304--317},
	year={2015},
	publisher={Elsevier}
}

@article{Barrasso2015ces,
  title={A multi-scale, mechanistic model of a wet granulation process using a novel bi-directional PBM--DEM coupling algorithm},
  author={Barrasso, Dana and Eppinger, Thomas and Pereira, Frances E and Aglave, Ravindra and Debus, Kristian and Bermingham, Sean K and Ramachandran, Rohit},
  journal={Chemical Engineering Science},
  volume={123},
  pages={500--513},
  year={2015},
  publisher={Elsevier}
}

@article{Berger2015,
	title={Hybrid parallelization of the LIGGGHTS open-source DEM code},
	author={Berger, R and Kloss, C and Kohlmeyer, A and Pirker, S},
	journal={Powder Technology},
	volume={278},
	pages={234--247},
	year={2015},
	publisher={Elsevier}
}

@article{Bettencourt2017,
	title={Parallelization methods for efficient simulation of high dimensional population balance models of granulation},
	author={Bettencourt, Franklin E and Chaturbedi, Anik and Ramachandran, Rohit},
	journal={Computers \& Chemical Engineering},
	year={2017},
	note = "~(Article in press)",
	publisher={Elsevier}
}

@article{Boman2012,
	title={The Zoltan and Isorropia parallel toolkits for combinatorial scientific computing: Partitioning, ordering and coloring},
	author={Boman, Erik G and {\c{C}}ataly{\"u}rek, {\"U}mit V and Chevalier, C{\'e}dric and Devine, Karen D},
	journal={Scientific Programming},
	volume={20},
	number={2},
	pages={129--150},
	year={2012},
	publisher={IOS Press}
} 

@article{Cameron2005,
	title={Process systems modelling and applications in granulation: A review},
	author={Cameron, IT and Wang, FY and Immanuel, CD and Stepanek, F},
	journal={Chemical Engineering Science},
	volume={60},
	number={14},
	pages={3723--3750},
	year={2005},
	publisher={Elsevier}
}

@article{Cundall1979,
	title={A discrete numerical model for granular assemblies},
	author={Cundall, Peter A and Strack, Otto DL},
	journal={geotechnique},
	volume={29},
	number={1},
	pages={47--65},
	year={1979}
}

@article{gantt2006,
	title={Determination of coalescence kernels for high-shear granulation using DEM simulations},
	author={Gantt, Justin A and Cameron, Ian T and Litster, James D and Gatzke, Edward P},
	journal={Powder Technology},
	volume={170},
	number={2},
	pages={53--63},
	year={2006},
	publisher={Elsevier}
}

@article{Goldschmidt2003,
	title={Discrete element modelling of fluidised bed spray granulation},
	author={Goldschmidt, MJV and Weijers, GGC and Boerefijn, R and Kuipers, JAM},
	journal={Powder Technology},
	volume={138},
	number={1},
	pages={39--45},
	year={2003},
	publisher={Elsevier}
}


@article{Gopalakrishnan2013,
	title={Development of parallel DEM for the open source code MFIX},
	author={Gopalakrishnan, Pradeep and Tafti, Danesh},
	journal={Powder technology},
	volume={235},
	pages={33--41},
	year={2013},
	publisher={Elsevier}
}

@article{Gunawan2008,
	title={Parallel high-resolution finite volume simulation of particulate processes},
	author={Gunawan, Rudiyanto and Fusman, Irene and Braatz, Richard D},
	journal={AIChE journal},
	volume={54},
	number={6},
	pages={1449--1458},
	year={2008},
	publisher={Wiley Online Library}
}

@article{He2016,
title = "NestedMP: Enabling cache-aware thread mapping for nested parallel shared memory applications",
journal = "Parallel Computing",
volume = "51",
number = "",
pages = "56 - 66",
year = "2016",
author = "Jiangzhou He and Wenguang Chen and Zhizhong Tang",
}

@book{Henderson2004,
	title={The paraview guide},
	author={Squillacote, Amy Henderson and Ahrens, James and Law, Charles and Geveci, Berk and Moreland, Kenneth and King, Brad},
	volume={672},
	year={2006},
	publisher={Kitware}
}

@article{ingram2005,
	title={Formulation and comparison of alternative multiscale models for drum granulation},
	author={Ingram, Gordon D and Cameron, Ian T},
	journal={Computer Aided Chemical Engineering},
	volume={20},
	pages={481--486},
	year={2005},
	publisher={Elsevier}
}

@article{Iveson2001,
	title={Nucleation, growth and breakage phenomena in agitated wet granulation processes: a review},
	author={Iveson, Simon M and Litster, James D and Hapgood, Karen and Ennis, Bryan J},
	journal={Powder technology},
	volume={117},
	number={1},
	pages={3--39},
	year={2001},
	publisher={Elsevier}
}

@article{Jin2011,
	title={High performance computing using MPI and OpenMP on multi-core parallel systems},
	author={Jin, Haoqiang and Jespersen, Dennis and Mehrotra, Piyush and Biswas, Rupak and Huang, Lei and Chapman, Barbara},
	journal={Parallel Computing},
	volume={37},
	number={9},
	pages={562--575},
	year={2011},
	publisher={Elsevier}
}

@article{Kacianauskas2010,
	title={Parallel discrete element simulation of poly-dispersed granular material},
	author={Ka{\v{c}}ianauskas, Rimantas and Maknickas, Algirdas and Ka{\v{c}}eniauskas, Arnas and Markauskas, Darius and Balevi{\v{c}}ius, Robertas},
	journal={Advances in Engineering Software},
	volume={41},
	number={1},
	pages={52--63},
	year={2010},
	publisher={Elsevier}
}
 
@article{Ketterhagen2009,
  title={Process modeling in the pharmaceutical industry using the discrete element method},
  author={Ketterhagen, William R and am Ende, Mary T and Hancock, Bruno C},
  journal={Journal of pharmaceutical sciences},
  volume={98},
  number={2},
  pages={442--470},
  year={2009},
  publisher={Wiley Online Library}
}

@article{Kloss2012,
  title={Models, algorithms and validation for opensource DEM and CFD--DEM},
  author={Kloss, Christoph and Goniva, Christoph and Hager, Alice and Amberger, Stefan and Pirker, Stefan},
  journal={Progress in Computational Fluid Dynamics, an International Journal},
  volume={12},
  number={2-3},
  pages={140--152},
  year={2012},
  publisher={Inderscience Publishers}
}

@article{Prakash2013a,
	title={Parallel simulation of population balance model-based particulate processes using multicore CPUs and GPUs},
	author={Prakash, Anuj V and Chaudhury, Anwesha and Ramachandran, Rohit},
	journal={Modelling and Simulation in Engineering},
	volume={2013},
	pages={2},
	year={2013},
	publisher={Hindawi Publishing Corp.}
}

@article{Prakash2013b,
	title={Simulation of population balance model-based particulate processes via parallel and distributed computing},
	author={Prakash, Anuj V and Chaudhury, Anwesha and Barrasso, Dana and Ramachandran, Rohit},
	journal={Chemical Engineering Research and Design},
	volume={91},
	number={7},
	pages={1259--1271},
	year={2013},
	publisher={Elsevier}
}

@article{Ramachandran2009,
	title={A mechanistic model for breakage in population balances of granulation: Theoretical kernel development and experimental validation},
	author={Ramachandran, Rohit and Immanuel, Charles D and Stepanek, Frantisek and Litster, James D and Doyle, Francis J},
	journal={Chemical Engineering Research and Design},
	volume={87},
	number={4},
	pages={598--614},
	year={2009},
	publisher={Elsevier}
}

@article{ramkrishna2014,
	title={Population balance modeling: current status and future prospects},
	author={Ramkrishna, Doraiswami and Singh, Meenesh R},
	journal={Annual review of chemical and biomolecular engineering},
	volume={5},
	pages={123--146},
	year={2014},
	publisher={Annual Reviews}
}

@article{Reinhold2012,
	title={Numerical behavior of a multiscale aggregation modelâ€”coupling population balances and discrete element models},
	author={Reinhold, Alexander and Briesen, Heiko},
	journal={Chemical engineering science},
	volume={70},
	pages={165--175},
	year={2012},
	publisher={Elsevier}
}

@article{sen2013,
	title={Mathematical development and comparison of a hybrid PBM-DEM description of a continuous powder mixing process},
	author={Sen, Maitraye and Dubey, Atul and Singh, Ravendra and Ramachandran, Rohit},
	journal={Journal of Powder Technology},
	volume={2013},
	year={2012},
	publisher={Hindawi Publishing Corporation}
}

@article{sen2013b,
	title={A multi-dimensional population balance model approach to continuous powder mixing processes},
	author={Sen, Maitraye and Ramachandran, Rohit},
	journal={Advanced Powder Technology},
	volume={24},
	number={1},
	pages={51--59},
	year={2013},
	publisher={Elsevier}
}

@article{sen2014,
	title={A multi-scale hybrid CFD-DEM-PBM description of a fluid-bed granulation process},
	author={Sen, Maitraye and Barrasso, Dana and Singh, Ravendra and Ramachandran, Rohit},
	journal={Processes},
	volume={2},
	number={1},
	pages={89--111},
	year={2014},
	publisher={Multidisciplinary Digital Publishing Institute}
}

@book{seville1997,
	title={Processing of particulate solids},
	author={Seville, Jonathan and T{\"u}z{\"u}n, Ugammaur and Clift, Roland},
	volume={9},
	year={2012},
	publisher={Springer Science \& Business Media}
}

@book{wilkinson2005,
	title={Parallel programming: techniques and applications using networked workstations and parallel computers},
	author={Wilkinson, Barry and Allen, Michael},
	year={1999},
	publisher={Prentice-Hall}
}