
@article{ingram2004apjce,
  title={Challenges in multiscale modelling and its application to granulation systems},
  author={Ingram, Gordon D and Cameron, Ian T},
  journal={Asia-Pacific Journal of Chemical Engineering},
  volume={12},
  number={3-4},
  pages={293--308},
  year={2004},
  publisher={Wiley Online Library}
}
